@phdthesis{
    cajthaml_bp, 
    type={Bakalářská práce}, 
    title={Webový informační systém pro studenty střední školy}, 
    url={https://dspace.cvut.cz/handle/10467/109560}, 
    school={České vysoké učení technické v Praze}, 
    author={Cajthaml, Matěj}, 
    year={2023}, 
    language={cs}
}

@misc{msmt_aplikace,
    title={Webový portál k výuce na dálku},
    author={MŠMT},
    url={https://nadalku.msmt.cz/cs/rozvoj-pedagogu/nastroje-pro-vzdelavani}, 
    language={cs},
    year = {2020}, month = {09},
    note = {[Ze dne 2025-01-03]},
} 
@misc{teams,
    title={Microsoft Teams}, 
    url={https://www.microsoft.com/cs-cz/microsoft-teams/group-chat-software}, 
    journal={Microsoft.com}, 
    year={2025},
    author={Microsoft},
    note = {[Ze dne 2025-01-03]},
}

@misc{pp_usage,
    title={The World of PowerPoint: An Estimation of Daily Usage Globally}, 
    url={https://presentationpoint.com/an-estimation-of-daily-usage-globally-of-powerpoint/}, 
    journal={presentationpoint.com}, 
    year={2024}, month = {06},
    author={PresentationPoint},
    note = {[Ze dne 2025-01-03]},
}


@misc{pp_excel,
    title={Insert and update Excel data in PowerPoint}, 
    url={https://support.microsoft.com/en-us/office/insert-and-update-excel-data-in-powerpoint-0690708a-5ce6-41b4-923f-11d57554138d}, 
    journal={support.microsoft.com}, 
    year={2025},
    author={Microsoft},
    note = {[Ze dne 2025-01-03]},
}

@misc{pp_word,
    title={Import a Word document}, 
    url={https://support.microsoft.com/en-us/office/import-a-word-document-c926adb3-4aa9-4b13-a5d1-587c6752bda7}, 
    journal={support.microsoft.com}, 
    year={2025},
    author={Microsoft},
    note = {[Ze dne 2025-01-03]},
}

@misc{pp_platforms,
    title={Compare PowerPoint features on different platforms}, 
    url={https://support.microsoft.com/en-us/office/compare-powerpoint-features-on-different-platforms-90986850-227c-4b25-938e-1c5838166b8b}, 
    journal={support.microsoft.com}, 
    year={2025},
    author={Microsoft},
    note = {[Ze dne 2025-01-03]},
}

@misc{slides,
    title={Prezentace Google}, 
    url={https://workspace.google.com/products/slides/}, 
    journal={workspace.google.com}, 
    year={2025},
    author={Google},
    note = {[Ze dne 2025-01-03]},
}

@misc{google_terms,
    title={Ochrana soukromí a smluvní podmínky}, 
    url={https://policies.google.com/terms#}, 
    journal={policies.google.com}, 
    year={2024},
    author={Google},
    note = {[Ze dne 2025-01-03]},
}

@misc{revealjs,
    title={The HTML Presentation Framework}, 
    url={https://revealjs.com}, 
    year={2024},
    author={hakimel},
    note = {[Ze dne 2025-01-03]},
}

@misc{slidescom,
    title={Create and share presentations}, 
    url={https://slides.com/}, 
    year={2024},
    author={Slides, Inc.},
    note = {[Ze dne 2025-01-03]},
}

 @misc{latex_reddit, 
    title={What annoys you the most about LaTex?}, 
    url={https://www.reddit.com/r/LaTeX/comments/e8ihlp/what_annoys_you_the_most_about_latex/}, 
    journal={Reddit.com}, 
    author={GarkGarcia}, 
    year={2019}, month={12},
    note = {[Ze dne 2025-01-03]},
}
